@article{alamgir2011influence,
  title={Influence of brand name on consumer decision making process-an empirical study on car buyers.},
  author={Alamgir, Mohammed and Nasir, Tasnuba and Shamsuddoha, Mohammad and Nedelea, Alexandru},
  journal={The USV Annals of Economics and Public Administration},
  volume={10},
  number={2},
  pages={142--153},
  year={2011}
}

@article{vanagiene2008prekes,
  title={Prek{\.e}s {\v{z}}enklo svarba ir jo vert{\.e}s k{\=u}rimo galimyb{\.e}s},
  author={Vanagien{\.e}, Vitalija and Ramanauskien{\.e}, Jadvyga},
  journal={Vadybos mokslas ir studijos-kaimo versl{\k{u}} ir j{\k{u}} infrastrukt{\=u}ros pl{\.e}trai},
  number={2},
  pages={169--180},
  year={2008}
}

@article{pileliene2008pardavimku,
  title={Pardavim{\k{u}} skatinimu pagr{\k{i}}stas vartotoj{\k{u}} lojalumo formavimas},
  author={Pilelien{\.e}, Lina},
  journal={Vadybos mokslas ir studijos-kaimo versl{\k{u}} ir j{\k{u}} infrastrukt{\=u}ros pl{\.e}trai},
  number={4},
  pages={110--117},
  year={2008}
}

@article{oliver1999whence,
  title={Whence consumer loyalty?},
  author={Oliver, Richard L},
  journal={Journal of marketing},
  volume={63},
  number={4\_suppl1},
  pages={33--44},
  year={1999},
  publisher={SAGE Publications Sage CA: Los Angeles, CA}
}

@article{glinskiene2010vartotojku,
  title={Vartotoj{\k{u}} lojalumo stiprinimas-reik{\v{s}}mingiausia {\v{s}}iuolaikini{\k{u}} {\k{i}}moni{\k{u}} siekiamyb{\.e}},
  author={Glinskien{\.e}, Rasa and Kvedarait{\.e}, Nida and Kvedaras, Modestass},
  journal={Ekonomika ir vadyba: aktualijos ir perspektyvos},
  number={4},
  pages={40--52},
  year={2010}
}

@article{zikiene2010vartotojku,
  title={Vartotoj{\k{u}} lojalumas: formavimas ir valdymas},
  author={Zikien{\.e}, Kristina},
  year={2010},
  publisher={Vytauto Did{\v{z}}iojo universitetas}
}

@article{vzigiene2006lojalumo,
  title={Lojalumo programos {\k{i}}vertinimas finansiniu ir rinkodaros po{\v{z}}i{\=u}riais},
  author={{\v{Z}}igien{\.e}, Gerda and Maci{\=u}t{\.e}, Giedr{\.e}},
  journal={Tiltai},
  number={1},
  pages={29--35},
  year={2006}
}
